<?xml version="1.0" encoding="UTF-8"?><collection xmlns="http://www.loc.gov/MARC21/slim"><record><leader>00698nam--2200193-i-4500</leader><controlfield tag="001">000038390</controlfield><controlfield tag="002">20161230</controlfield><controlfield tag="005">20161230201041</controlfield><controlfield tag="008">060222s1000------------r-----000-0-eng-d</controlfield><datafield ind1=" " ind2=" " tag="040"><subfield code="a">IFIN-HH</subfield></datafield><datafield ind1=" " ind2=" " tag="080"><subfield code="a">537.311.33</subfield></datafield><datafield ind1="1" ind2=" " tag="110"><subfield code="a">Societa Italiana Di Fisica</subfield></datafield><datafield ind1="1" ind2="0" tag="245"><subfield code="a">Rendiconti della scuola internazionale di fisica enrico fermi. corso xxii: semiconduttori. semiconductors, varenna sul lago di como villa monastero 17 luglio - 5 agosto 1961</subfield><subfield code="c">R.a. smith</subfield></datafield><datafield ind1=" " ind2=" " tag="260"><subfield code="a">New York</subfield><subfield code="b">Academic Press</subfield><subfield code="c">1963</subfield></datafield><datafield ind1=" " ind2=" " tag="300"><subfield code="a">XI+540P</subfield></datafield><datafield ind1=" " ind2=" " tag="490"><subfield code="a">Proceedings Of The International School Of Physics Enrico Fermi Course Xxii</subfield></datafield><datafield ind1="1" ind2=" " tag="700"><subfield code="a">Smith, R.A</subfield></datafield><datafield ind1=" " ind2=" " tag="852"><subfield code="a">1874</subfield><subfield code="c">53</subfield></datafield><datafield ind1=" " ind2=" " tag="CAT"><subfield code="a">Sys</subfield><subfield code="c">20150105</subfield><subfield code="h">191554</subfield></datafield></record></collection>